<?xml version="1.0" encoding="utf-8"?>
<record xmlns="http://www.loc.gov/MARC21/slim" xmlns:xsi="http://www.w3.org/2001/XMLSchema-instance" xsi:schemaLocation="http://www.loc.gov/MARC21/slim http://www.loc.gov/standards/marcxml/schema/MARC21slim.xsd">
	<leader>     nam a22        4500</leader>
	<controlfield tag="001">2957922</controlfield>
	<controlfield tag="003">NNC</controlfield>
	<controlfield tag="006">m        d        </controlfield>
	<controlfield tag="007">cr cn |||m|||a</controlfield>
	<controlfield tag="008">150621s1969    iq      ob    000 0 ara  </controlfield>
	<datafield ind1=" " ind2=" " tag="040">
		<subfield code="a">NNU</subfield>
		<subfield code="b">eng</subfield>
		<subfield code="e">rda</subfield>
		<subfield code="c">NNU</subfield>
	</datafield>
	<datafield ind1="0" ind2="4" tag="050">
		<subfield code="a">BP166</subfield>
		<subfield code="b">I332</subfield>
	</datafield>
	<datafield ind1="1" ind2=" " tag="100">
		<subfield code="6">880-01</subfield>
		<subfield code="a">Ibn Abī al-ʻIzz, ʻAlī ibn ʻAlī,</subfield>
		<subfield code="d">1330 or 1331-1389 or 1390.</subfield>
	</datafield>
	<datafield ind1="1" ind2="0" tag="240">
		<subfield code="6">880-02</subfield>
		<subfield code="a">Sharḥ al-Ṭaḥāwīyah fī al-ʻaqīdah al-Salafīyah.</subfield>
		<subfield code="k">Selections</subfield>
	</datafield>
	<datafield ind1="1" ind2="0" tag="245">
		<subfield code="6">880-03</subfield>
		<subfield code="a">Mukhtaṣar Sharḥ al-ʻaqīdah al-Ṭaḥāwīyah /</subfield>
		<subfield code="c">[li-ʻAlī ibn Muḥammad ibn Muḥammad ibn Abī al-ʻIzz al-Ḥanafī].</subfield>
	</datafield>
	<datafield ind1="3" ind2="0" tag="246">
		<subfield code="6">880-04</subfield>
		<subfield code="a">Sharḥ al-ʻAqīdah al-Ṭaḥāwīyah</subfield>
	</datafield>
	<datafield ind1=" " ind2=" " tag="250">
		<subfield code="6">880-05</subfield>
		<subfield code="a">al-Ṭabʻah 1.</subfield>
	</datafield>
	<datafield ind1=" " ind2=" " tag="260">
		<subfield code="6">880-06</subfield>
		<subfield code="a">Baghdād :</subfield>
		<subfield code="b">Dār al-Nadhīr lil-Ṭibāʻah wa-al-Nashr,</subfield>
		<subfield code="c">[1969]</subfield>
	</datafield>
	<datafield ind1=" " ind2=" " tag="300">
		<subfield code="a">online resource (347 pages)</subfield>
	</datafield>
	<datafield ind1=" " ind2=" " tag="336">
		<subfield code="a">text</subfield>
		<subfield code="2">rdacontent</subfield>
	</datafield>
	<datafield ind1=" " ind2=" " tag="337">
		<subfield code="a">computer</subfield>
		<subfield code="2">rdamedia</subfield>
	</datafield>
	<datafield ind1=" " ind2=" " tag="338">
		<subfield code="a">online resource</subfield>
		<subfield code="2">rdacarrier</subfield>
	</datafield>
	<datafield ind1=" " ind2=" " tag="500">
		<subfield code="a">Editor's signature, p. 336: Muḥammad Nāṣir al-Albānī.</subfield>
	</datafield>
	<datafield ind1=" " ind2=" " tag="500">
		<subfield code="a">Part of the Arabic Collections Online (ACO) project, contributed by Columbia University Libraries.</subfield>
	</datafield>
	<datafield ind1=" " ind2=" " tag="504">
		<subfield code="a">Includes bibliographical references.</subfield>
	</datafield>
	<datafield ind1=" " ind2=" " tag="533">
		<subfield code="a">Electronic reproduction.</subfield>
		<subfield code="b">New York, N.Y. :</subfield>
		<subfield code="c">New York University,</subfield>
		<subfield code="d">2015.</subfield>
		<subfield code="5">NNU</subfield>
	</datafield>
	<datafield ind1=" " ind2="0" tag="650">
		<subfield code="a">Islam</subfield>
		<subfield code="x">Doctrines</subfield>
		<subfield code="v">Early works to 1800.</subfield>
	</datafield>
	<datafield ind1=" " ind2="7" tag="650">
		<subfield code="a">Islam</subfield>
		<subfield code="x">Doctrines.</subfield>
		<subfield code="2">fast</subfield>
		<subfield code="0">(OCoLC)fst00979787</subfield>
	</datafield>
	<datafield ind1=" " ind2="7" tag="655">
		<subfield code="a">Early works.</subfield>
		<subfield code="2">fast</subfield>
		<subfield code="0">(OCoLC)fst01411636</subfield>
	</datafield>
	<datafield ind1="1" ind2=" " tag="700">
		<subfield code="6">880-07</subfield>
		<subfield code="a">Albānī, Muḥammad Nāṣir al-Dīn,</subfield>
		<subfield code="e">editor.</subfield>
	</datafield>
	<datafield ind1="1" ind2=" " tag="700">
		<subfield code="6">880-08</subfield>
		<subfield code="a">Ṭaḥāwī, Aḥmad ibn Muḥammad,</subfield>
		<subfield code="d">852?-933.</subfield>
		<subfield code="t">ʻAqīdah.</subfield>
	</datafield>
	<datafield ind1="2" ind2=" " tag="710">
		<subfield code="a">Columbia University.</subfield>
		<subfield code="b">Libraries.</subfield>
	</datafield>
	<datafield ind1="0" ind2=" " tag="730">
		<subfield code="a">Arabic Collections Online.</subfield>
	</datafield>
	<datafield ind1="0" ind2="8" tag="776">
		<subfield code="i">Online version:</subfield>
		<subfield code="a">Ibn Abī al-ʻIzz, ʻAlī ibn ʻAlī, 1330 or 31-1389 or 90.</subfield>
		<subfield code="t">Mukhtaṣar sharḥ al-ʻaqīdah al-Ṭaḥāwīyah.</subfield>
		<subfield code="b">al-Ṭabʻah 1.</subfield>
		<subfield code="d">Baghdād, Dār al-Nadhīr lil-Ṭibāʻah wa-al-Nashr [1969]</subfield>
		<subfield code="w">(OCoLC)644536382</subfield>
	</datafield>
	<datafield ind1="0" ind2="8" tag="776">
		<subfield code="i">Print version:</subfield>
		<subfield code="a">Ibn Abī al-ʻIzz, ʻAlī ibn ʻAlī, 1330 or 1331-1389 or 1390.</subfield>
		<subfield code="t">Mukhtaṣar Sharḥ al-ʻaqīdah al-Ṭaḥāwīyah</subfield>
		<subfield code="w">(NNC)2957922</subfield>
		<subfield code="w">(DLC)   74961522 </subfield>
		<subfield code="w">(OCoLC)13891055</subfield>
	</datafield>
	<datafield ind1="4" ind2="0" tag="856">
		<subfield code="u">http://hdl.handle.net/2333.1/rfj6q7v7</subfield>
	</datafield>
	<datafield ind1="1" ind2=" " tag="880">
		<subfield code="6">100-01/r</subfield>
		<subfield code="a">ابن ابي العز، علي بن علي،,</subfield>
		<subfield code="d">1330 or 1331-1389 or 1390.</subfield>
	</datafield>
	<datafield ind1="1" ind2="0" tag="880">
		<subfield code="6">240-02/r</subfield>
		<subfield code="a">شرح الطحاوية في العقيدة السلفية.</subfield>
		<subfield code="k">مختارات</subfield>
	</datafield>
	<datafield ind1="1" ind2="0" tag="880">
		<subfield code="6">245-03/r</subfield>
		<subfield code="a">مختصر شرح العقيدة الطحاوية /</subfield>
		<subfield code="c">[لعلي بن محمد بن محمد بن ابي العز الحنفي].</subfield>
	</datafield>
	<datafield ind1="3" ind2="0" tag="880">
		<subfield code="6">246-04/r</subfield>
		<subfield code="a">شرح العقيدة الطحاوية</subfield>
	</datafield>
	<datafield ind1=" " ind2=" " tag="880">
		<subfield code="6">250-05/r</subfield>
		<subfield code="a">الطبعة 1.</subfield>
	</datafield>
	<datafield ind1=" " ind2=" " tag="880">
		<subfield code="6">260-06/r</subfield>
		<subfield code="a">بغداد :</subfield>
		<subfield code="b">دار النذير للطباعة والنشر،</subfield>
		<subfield code="c">[1969]</subfield>
	</datafield>
	<datafield ind1="1" ind2=" " tag="880">
		<subfield code="6">700-07/r</subfield>
		<subfield code="a">الباني، محمد ناصر الدين.</subfield>
	</datafield>
	<datafield ind1="1" ind2=" " tag="880">
		<subfield code="6">700-08/r</subfield>
		<subfield code="a">طحاوي، احمد بن محمد،,</subfield>
		<subfield code="d">852?-933.</subfield>
		<subfield code="t">عقيدة.</subfield>
	</datafield>
	<datafield ind1=" " ind2=" " tag="959">
		<subfield code="a">NNU</subfield>
		<subfield code="b">WEB</subfield>
		<subfield code="c">GENI</subfield>
		<subfield code="t">0</subfield>
		<subfield code="m">Electronic access</subfield>
		<subfield code="s">01</subfield>
	</datafield>
	<datafield ind1=" " ind2=" " tag="999">
		<subfield code="i">NNC_2957922</subfield>
		<subfield code="o">(OCoLC)ocm13891055 </subfield>
		<subfield code="s">columbia_aco000860</subfield>
	</datafield>
</record>
